@article{Candanedo2016,
title = "Accurate occupancy detection of an office room from light, temperature, humidity and \{CO2\} measurements using statistical learning models ",
journal = "Energy and Buildings ",
volume = "112",
number = "",
pages = "28 - 39",
year = "2016",
note = "",
issn = "0378-7788",
doi = "http://dx.doi.org/10.1016/j.enbuild.2015.11.071",
url = "http://www.sciencedirect.com/science/article/pii/S0378778815304357",
author = "Luis M. Candanedo and VÃ©ronique Feldheim"
}

@Inbook{Zhou1998,
author="Zhou, Ping
and Austin, Jim",
editor="Niklasson, Lars
and Bod{\'e}n, Mikael
and Ziemke, Tom",
title="A Binary Correlation Matrix Memory k-NN Classifier",
bookTitle="ICANN 98: Proceedings of the 8th International Conference on Artificial Neural Networks, Sk{\"o}vde, Sweden, 2--4 September 1998",
year="1998",
publisher="Springer London",
address="London",
pages="251--256",
isbn="978-1-4471-1599-1",
doi="10.1007/978-1-4471-1599-1_35",
url="http://dx.doi.org/10.1007/978-1-4471-1599-1_35"
}

@inproceedings{Arthur2007,
 author = {Arthur, David and Vassilvitskii, Sergei},
 title = {K-means++: The Advantages of Careful Seeding},
 booktitle = {Proceedings of the Eighteenth Annual ACM-SIAM Symposium on Discrete Algorithms},
 series = {SODA '07},
 year = {2007},
 isbn = {978-0-898716-24-5},
 location = {New Orleans, Louisiana},
 pages = {1027--1035},
 numpages = {9},
 url = {http://dl.acm.org/citation.cfm?id=1283383.1283494},
 acmid = {1283494},
 publisher = {Society for Industrial and Applied Mathematics},
 address = {Philadelphia, PA, USA},
}

@ARTICLE{Lloyd82,
    author = {Stuart P. Lloyd},
    title = {Least squares quantization in pcm},
    journal = {IEEE Transactions on Information Theory},
    year = {1982},
    volume = {28},
    pages = {129--137}
}
